<record><leader>00000cas a22000007a 4500</leader><controlfield tag="001">17515106</controlfield><controlfield tag="008">880222d19421942ksuwr ne      0    0eng d</controlfield><datafield ind1=" " ind2=" " tag="010"><subfield code="a">sn 88086036 </subfield></datafield><datafield ind1=" " ind2=" " tag="040"><subfield code="a">NPV</subfield><subfield code="b">eng</subfield><subfield code="c">NPV</subfield><subfield code="d">OCLCQ</subfield></datafield><datafield ind1=" " ind2=" " tag="042"><subfield code="a">msc</subfield></datafield><datafield ind1="0" ind2="4" tag="245"><subfield code="a">The Shermaniac.</subfield></datafield><datafield ind1=" " ind2=" " tag="260"><subfield code="a">Sherman Field, Ft. Leavenworth, Ks. :</subfield><subfield code="b">[s.n.],</subfield><subfield code="c">1942-1942.</subfield></datafield><datafield ind1=" " ind2=" " tag="300"><subfield code="a">v.</subfield></datafield><datafield ind1=" " ind2=" " tag="310"><subfield code="a">Weekly</subfield></datafield><datafield ind1="0" ind2=" " tag="362"><subfield code="a">Vol. 1, no. 1 (July 1, 1942)-v. 1, no. 9 (Aug. 26, 1942).</subfield></datafield><datafield ind1=" " ind2=" " tag="752"><subfield code="a">United States</subfield><subfield code="b">Kansas</subfield><subfield code="c">Leavenworth</subfield><subfield code="d">Fort Leavenworth.</subfield></datafield><datafield ind1="0" ind2="0" tag="785"><subfield code="t">Shermanian</subfield><subfield code="w">(DLC)sn 88086164</subfield></datafield></record>